<record><leader>00000cas a22000007a 4500</leader><controlfield tag="001">17514313</controlfield><controlfield tag="008">880222c198u9999aluwr n       0   a0eng d</controlfield><datafield ind1=" " ind2=" " tag="010"><subfield code="a">sn 88006174 </subfield></datafield><datafield ind1=" " ind2=" " tag="040"><subfield code="a">NSD</subfield><subfield code="b">eng</subfield><subfield code="c">NSD</subfield><subfield code="d">OCLCQ</subfield></datafield><datafield ind1=" " ind2=" " tag="012"><subfield code="m">1</subfield></datafield><datafield ind1="1" ind2=" " tag="022"><subfield code="a">0897-4942</subfield><subfield code="l">0897-4942</subfield><subfield code="2">1</subfield></datafield><datafield ind1=" " ind2=" " tag="032"><subfield code="a">001858</subfield><subfield code="b">USPS</subfield></datafield><datafield ind1=" " ind2=" " tag="037"><subfield code="b">News &amp; Record Publications, Inc., 218 W. Smith St., Butler, AL 36904</subfield></datafield><datafield ind1=" " ind2=" " tag="042"><subfield code="a">nsdp</subfield></datafield><datafield ind1=" " ind2="0" tag="222"><subfield code="a">Choctaw news &amp; record</subfield></datafield><datafield ind1="0" ind2="0" tag="245"><subfield code="a">Choctaw news &amp; record.</subfield></datafield><datafield ind1="3" ind2="0" tag="246"><subfield code="a">Choctaw news and record</subfield></datafield><datafield ind1="1" ind2="3" tag="246"><subfield code="a">News &amp; record</subfield></datafield><datafield ind1="3" ind2="0" tag="246"><subfield code="a">News and record</subfield></datafield><datafield ind1=" " ind2=" " tag="260"><subfield code="a">Butler, AL :</subfield><subfield code="b">News &amp; Record Publications</subfield></datafield><datafield ind1=" " ind2=" " tag="300"><subfield code="a">v.</subfield></datafield><datafield ind1=" " ind2=" " tag="310"><subfield code="a">Weekly</subfield></datafield><datafield ind1=" " ind2=" " tag="588"><subfield code="a">Description based on: Vol. 1, no. 23 (Wednesday, Jan. 13, 1988).</subfield></datafield><datafield ind1=" " ind2=" " tag="588"><subfield code="a">Latest issue consulted: Vol. 1, no. 24 (Wednesday, Jan. 20, 1988).</subfield></datafield><datafield ind1=" " ind2=" " tag="752"><subfield code="a">United States</subfield><subfield code="b">Alabama</subfield><subfield code="c">Choctaw</subfield><subfield code="d">Butler.</subfield></datafield><datafield ind1="1" ind2=" " tag="029"><subfield code="a">AU@</subfield><subfield code="b">000025833693</subfield></datafield></record>